<?xml version="1.0" encoding="UTF-8"?><record xmlns="http://www.loc.gov/MARC21/slim" xmlns:cinclude="http://apache.org/cocoon/include/1.0" xmlns:zs="http://www.loc.gov/zing/srw/">
  <leader>00558cz  a2200157n  4500</leader>
  <controlfield tag="001">no2004006463</controlfield>
  <controlfield tag="003">DLC</controlfield>
  <controlfield tag="005">20040126105248.0</controlfield>
  <controlfield tag="008">040123n| acannaabn          |a ana      </controlfield>
  <datafield tag="010" ind1=" " ind2=" ">
    <subfield code="a">no2004006463</subfield>
  </datafield>
  <datafield tag="035" ind1=" " ind2=" ">
    <subfield code="a">(OCoLC)oca06254122</subfield>
  </datafield>
  <datafield tag="040" ind1=" " ind2=" ">
    <subfield code="a">DLC-S</subfield>
    <subfield code="b">eng</subfield>
    <subfield code="c">DLC-S</subfield>
  </datafield>
  <datafield tag="110" ind1="2" ind2=" ">
    <subfield code="a">Allan Pettersson Gesellschaft</subfield>
  </datafield>
  <datafield tag="410" ind1="2" ind2=" ">
    <subfield code="a">Pettersson Gesellschaft</subfield>
  </datafield>
  <datafield tag="510" ind1="2" ind2=" ">
    <subfield code="w">b</subfield>
    <subfield code="a">Internationale Allan Pettersson Gesellschaft</subfield>
  </datafield>
  <datafield tag="670" ind1=" " ind2=" ">
    <subfield code="a">Allan Pettersson Jahrbuch, 1986:</subfield>
    <subfield code="b">p. 4 (Allan Pettersson Gesellschaft e.V.); 1987: p. 2 (... Internationalen Allan Pettersson Gesellschaft e.V.)</subfield>
  </datafield>
</record>